<record><leader>00000cas a22000007a 4500</leader><controlfield tag="001">10418496</controlfield><controlfield tag="008">840215d18851887ksuwr ne      0   a0eng d</controlfield><datafield ind1=" " ind2=" " tag="010"><subfield code="a">sn 83041191 </subfield></datafield><datafield ind1=" " ind2=" " tag="040"><subfield code="a">KSH</subfield><subfield code="b">eng</subfield><subfield code="c">KSH</subfield><subfield code="d">NPT</subfield><subfield code="d">OCLCQ</subfield></datafield><datafield ind1=" " ind2=" " tag="042"><subfield code="a">msc</subfield></datafield><datafield ind1=" " ind2=" " tag="043"><subfield code="a">n-us-ks</subfield></datafield><datafield ind1="0" ind2="4" tag="245"><subfield code="a">The Western Kansan.</subfield></datafield><datafield ind1=" " ind2=" " tag="260"><subfield code="a">Nescutunga, Kan. :</subfield><subfield code="b">T.E. Beck,</subfield><subfield code="c">1885-1887.</subfield></datafield><datafield ind1=" " ind2=" " tag="300"><subfield code="a">2 v.</subfield></datafield><datafield ind1=" " ind2=" " tag="310"><subfield code="a">Weekly</subfield></datafield><datafield ind1="0" ind2=" " tag="362"><subfield code="a">Vol. 1, no. 1 (Jan. 16, 1885)-v. 3, no. 8 (Mar. 24, 1887).</subfield></datafield><datafield ind1=" " ind2=" " tag="500"><subfield code="a">Published: Protection, Kan. : H.R. Ross, 1886-Mar. 24, 1887.</subfield></datafield><datafield ind1=" " ind2=" " tag="530"><subfield code="a">Available on microfilm from Micro Photo.</subfield></datafield><datafield ind1=" " ind2=" " tag="752"><subfield code="a">United States</subfield><subfield code="b">Kansas</subfield><subfield code="c">Comanche</subfield><subfield code="d">Nescutunga.</subfield></datafield><datafield ind1=" " ind2=" " tag="752"><subfield code="a">United States</subfield><subfield code="b">Kansas</subfield><subfield code="c">Comanche</subfield><subfield code="d">Protection.</subfield></datafield><datafield ind1="0" ind2="7" tag="785"><subfield code="t">Protection press</subfield><subfield code="w">(DLC)sn 83041186</subfield></datafield><datafield ind1="0" ind2="7" tag="785"><subfield code="t">Kansas weekly ledger</subfield><subfield code="w">(DLC)sn 83041189</subfield></datafield></record>